<?xml version="1.0" encoding="UTF-8"?><collection xmlns="http://www.loc.gov/MARC21/slim"><record><leader>00418nam--2200133-i-4500</leader><controlfield tag="001">000019352</controlfield><controlfield tag="002">20161230</controlfield><controlfield tag="005">20161230201033</controlfield><controlfield tag="008">060222s1000------------r-----000-0-eng-d</controlfield><datafield ind1=" " ind2=" " tag="080"><subfield code="a">007:061.3</subfield></datafield><datafield ind1=" " ind2=" " tag="245"><subfield code="a">6-e congres international de cybernetique. 6-e international congress on cybernetics</subfield></datafield><datafield ind1=" " ind2=" " tag="260"><subfield code="a">Namur, Association Internationale De Cybernetique, 1971. Xxv + 1361 P</subfield></datafield><datafield ind1=" " ind2=" " tag="490"><subfield code="a">Actes Proceedings</subfield></datafield><datafield ind1=" " ind2=" " tag="852"><subfield code="a">37230</subfield></datafield></record></collection>